@book{LPaper,
  author  = {Dana Angluin},
  year    = {1987},
  title   = {Learning Regular Sets from Queries
             and Counterexamples},
  address = {Department of Computer Science, Yale University}
}

@book{NLPaper,
  author  = {Benedikt Bollig et al},
  year    = {2008},
  title   = {Angluin-Style Learning of NFA},
  address = {Ecole Normale Supérieure de Cachan}
}

@book{RFSA,
  author  = {François Denis et al},
  year    = {2002},
  title   = {Residual Finite State Automata},
  address = {LIF, UMR 6166 CNRS, Université de Provence, Marseille}
}

